@online{Referencia,
    author = "Juan Luis Becquet",
    title = "Video Referencia del proceso",
    url  = "https://youtu.be/IdhL4r1-0GY",
    addendum = "(accessed: 08.03.2021)",
    keywords = "Referencia, Juan, Becquet"
}
